<?xml version="1.0" encoding="UTF-8"?><collection xmlns="http://www.loc.gov/MARC21/slim"><record><leader>00364nam--2200121-i-4500</leader><controlfield tag="001">000035439</controlfield><controlfield tag="002">20161230</controlfield><controlfield tag="005">20161230201040</controlfield><controlfield tag="008">060222s1000------------r-----000-0-eng-d</controlfield><datafield ind1=" " ind2=" " tag="245"><subfield code="a">National electrical safety code.grounding rules and parts i,ii.iii,iv and v</subfield></datafield><datafield ind1=" " ind2=" " tag="260"><subfield code="a">Washington, U.S.Dept. Of Commerce, 1948. Viii + 408p</subfield></datafield><datafield ind1=" " ind2=" " tag="490"><subfield code="a">N.B.S. Handbook</subfield></datafield><datafield ind1=" " ind2=" " tag="852"><subfield code="a">13766</subfield></datafield></record></collection>